@BOOK{Bernard03,
  AUTHOR =    {Bernard Desgraupes},
  TITLE =     {{\LaTeX}, {A}pprentissage, guide et r{\'e}f{\'e}rence},
  PUBLISHER = {Vuibert},
  YEAR =      {2003},
  address =   {Paris},
  edition=    {second},
  month =     {mar}}

@INPROCEEDINGS{Vikas01,
  AUTHOR =    {Kawadia, Vikas},
  TITLE =     {Protocols for Media Access Control and Power Control in Wireless
              Networks},
  BOOKTITLE = {40th IEEE Conference on Decision and Control},
  YEAR =      2001,
  month =     mar }
